@article{jain,
	author = "Mayur Shirish Jain, Mohit Daga, Ajay S. Kalamdhad",
	title = "Composting physics: A science behind bio-degradation of lignocellulose aquatic waste amended with inoculum and bulking agent",
	journal = "Process Safety and Environmental Protection",
	volume = "116",
	pages = "424--432",
	month = "May",
	year = "2018",
	DOI = "https://doi.org/10.1016/j.psep.2018.03.017"
}

@article{aeration,
	author = "D. J. Super, M. S. Finstein",
	title = "Effect of temperature, aeration, and moisture on CO2 Formation in Bench-Scale, Continuously Thermophilic Composting of Solid Waste",
	journal = "Journal",
	volume = "Volume",
	number = "Number",
	pages = "Pages",
	year = "Year",
	DOI = "DOI"
}

@phdthesis{hamelers,
	author = "H. V. M Hamelers",
	title = "A mathematical model for composting kinetics",
	school = "Wageningen University",j 
	year = "2001" 
}

@article{mason,
	author = "I. G. Mason",
	title = "Mathematical modelling of the composting process: A review",
	journal = "Waste Management",
	volume = "26",
	number = "1",
	pages = "3--21",
	year = "2006",
	DOI = "https://doi.org/10.1016/j.wasman.2005.01.021"
}

@article{italiani,
	author = “N. Senesi”,
	title = “Composted materials as organic fertilizers”,
	journal = “The Science of the Total Environment“,
	volume = “81/82”,
	pages = “521–542”,
	year = “1989”
}
